@book{feynman1963lnphysics,
  title={The Feynman lectures on physics},
  author={Feynman, R.P. and Leighton, R.B. and Sands, M.L.},
  edition={1},
  isbn={9780201021165},
  year={1963},
  publisher={Addison-Wesley}
}

@book{mcelreath2016statistical,
  title={Statistical Rethinking: A Bayesian Course with Examples in R and Stan},
  author={Richard McElreath},
  isbn={9781482253443},
  year={2016},
  publisher={CRC Press\slash Taylor \& Francis Group}
}
